<record xmlns="http://www.loc.gov/MARC21/slim" xmlns:xsi="http://www.w3.org/2001/XMLSchema-instance" xsi:schemaLocation="http://www.loc.gov/MARC21/slim http://www.loc.gov/standards/marcxml/schema/MARC21slim.xsd"><leader>     nam a22        4500</leader><controlfield tag="001">3169741</controlfield><controlfield tag="003">NNC</controlfield><controlfield tag="006">m        d        </controlfield><controlfield tag="007">cr cn |||m|||a</controlfield><controlfield tag="008">150601s1891    ua      o     000 0 arard</controlfield><datafield ind1=" " ind2=" " tag="040"><subfield code="a">NNU</subfield><subfield code="b">eng</subfield><subfield code="e">rda</subfield><subfield code="c">NNU</subfield></datafield><datafield ind1=" " ind2=" " tag="043"><subfield code="a">f-ua---</subfield></datafield><datafield ind1=" " ind2="4" tag="050"><subfield code="a">M1838.E3</subfield><subfield code="b">S55</subfield></datafield><datafield ind1="0" ind2=" " tag="100"><subfield code="6">880-01</subfield><subfield code="a">Shiha&#772;b al-Di&#772;n Muh&#803;ammad ibn Isma&#772;&#699;i&#772;l,</subfield><subfield code="d">1795 or 1796-1857 or 1858.</subfield></datafield><datafield ind1="1" ind2="0" tag="245"><subfield code="6">880-02</subfield><subfield code="a">Ha&#772;dhihi safi&#772;nat al-mulk wa-nafi&#772;sat al-fulk /</subfield><subfield code="c">ta&#700;li&#772;f Muh&#803;ammad ibn Isma&#772;&#699;i&#772;l ibn &#699;Umar Shiha&#772;b al-Di&#772;n.</subfield></datafield><datafield ind1="3" ind2=" " tag="246"><subfield code="6">880-03</subfield><subfield code="a">Safi&#772;nat al-mulk wa-nafi&#772;sat al-fulk</subfield></datafield><datafield ind1=" " ind2=" " tag="260"><subfield code="6">880-04</subfield><subfield code="a">[Egypt] :</subfield><subfield code="b">Mat&#803;ba&#699;ah al-Ja&#772;mi&#699;ah,</subfield><subfield code="c">1309 [1891]</subfield></datafield><datafield ind1=" " ind2=" " tag="300"><subfield code="a">online resource (496 pages)</subfield></datafield><datafield ind1=" " ind2=" " tag="336"><subfield code="a">text</subfield><subfield code="2">rdacontent</subfield></datafield><datafield ind1=" " ind2=" " tag="337"><subfield code="a">computer</subfield><subfield code="2">rdamedia</subfield></datafield><datafield ind1=" " ind2=" " tag="338"><subfield code="a">online resource</subfield><subfield code="2">rdacarrier</subfield></datafield><datafield ind1=" " ind2=" " tag="500"><subfield code="a">Part of the Arabic Collections Online (ACO) project, contributed by Columbia University Libraries.</subfield></datafield><datafield ind1=" " ind2=" " tag="533"><subfield code="a">Electronic reproduction.</subfield><subfield code="b">New York, N.Y. :</subfield><subfield code="c">New York University,</subfield><subfield code="d">2015.</subfield><subfield code="5">NNU</subfield></datafield><datafield ind1=" " ind2="0" tag="650"><subfield code="a">Folk songs</subfield><subfield code="z">Egypt.</subfield></datafield><datafield ind1=" " ind2="0" tag="650"><subfield code="a">Folk literature, Arabic</subfield><subfield code="z">Egypt.</subfield></datafield><datafield ind1=" " ind2="7" tag="650"><subfield code="a">Folk literature, Arabic.</subfield><subfield code="2">fast</subfield><subfield code="0">(OCoLC)fst00928918</subfield></datafield><datafield ind1=" " ind2="7" tag="650"><subfield code="a">Folk songs.</subfield><subfield code="2">fast</subfield><subfield code="0">(OCoLC)fst00929707</subfield></datafield><datafield ind1=" " ind2="7" tag="651"><subfield code="a">Egypt.</subfield><subfield code="2">fast</subfield><subfield code="0">(OCoLC)fst01208755</subfield></datafield><datafield ind1="2" ind2=" " tag="710"><subfield code="a">Columbia University.</subfield><subfield code="b">Libraries.</subfield></datafield><datafield ind1="0" ind2=" " tag="730"><subfield code="a">Arabic Collections Online.</subfield></datafield><datafield ind1="0" ind2="8" tag="776"><subfield code="i">Online version:</subfield><subfield code="a">Shiha&#772;b al-Di&#772;n Muh&#803;ammad ibn Isma&#772;&#699;i&#772;l, 1795 or 1796-1857 or 1858.</subfield><subfield code="t">Ha&#772;dhihi safi&#772;nat al-mulk wa-nafi&#772;sat al-fulk.</subfield><subfield code="d">[Egypt] : Mat&#803;ba&#699;ah al-Ja&#772;mi&#699;ah, 1309 [1891]</subfield><subfield code="w">(OCoLC)891962957</subfield></datafield><datafield ind1="0" ind2="8" tag="776"><subfield code="i">Print version:</subfield><subfield code="a">Shiha&#772;b al-Di&#772;n Muh&#803;ammad ibn Isma&#772;&#699;i&#772;l, 1795 or 1796-1857 or 1858.</subfield><subfield code="t">Ha&#772;dhihi safi&#772;nat al-mulk wa-nafi&#772;sat al-fulk</subfield><subfield code="w">(NNC)3169741</subfield><subfield code="w">(OCoLC)28955937</subfield></datafield><datafield ind1="4" ind2="0" tag="856"><subfield code="u">http://hdl.handle.net/2333.1/0k6djkn9</subfield></datafield><datafield ind1="0" ind2=" " tag="880"><subfield code="6">100-01/r</subfield><subfield code="a">&#1588;&#1607;&#1575;&#1576; &#1575;&#1604;&#1583;&#1610;&#1606; &#1605;&#1581;&#1605;&#1583; &#1576;&#1606; &#1575;&#1587;&#1605;&#1575;&#1593;&#1610;&#1604;&#1548;</subfield><subfield code="d">1795 or 1796-1857 or 1858.</subfield></datafield><datafield ind1="1" ind2="0" tag="880"><subfield code="6">245-02/r</subfield><subfield code="a">&#1607;&#1584;&#1607; &#1587;&#1601;&#1610;&#1606;&#1577; &#1575;&#1604;&#1605;&#1604;&#1603; &#1608;&#1606;&#1601;&#1610;&#1587;&#1577; &#1575;&#1604;&#1601;&#1604;&#1603; /</subfield><subfield code="c">&#1578;&#1571;&#1604;&#1610;&#1601; &#1605;&#1581;&#1605;&#1583; &#1576;&#1606; &#1575;&#1587;&#1605;&#1575;&#1593;&#1610;&#1604; &#1576;&#1606; &#1593;&#1605;&#1585; &#1588;&#1607;&#1575;&#1576; &#1575;&#1604;&#1583;&#1610;&#1606;.</subfield></datafield><datafield ind1="3" ind2=" " tag="880"><subfield code="6">246-03/r</subfield><subfield code="a">&#1587;&#1601;&#1610;&#1606;&#1577; &#1575;&#1604;&#1605;&#1604;&#1603; &#1608;&#1606;&#1601;&#1610;&#1587;&#1577; &#1575;&#1604;&#1601;&#1604;&#1603;</subfield></datafield><datafield ind1=" " ind2=" " tag="880"><subfield code="6">260-04/r</subfield><subfield code="a">[&#1605;&#1589;&#1585;] :</subfield><subfield code="b">&#1605;&#1591;&#1576;&#1593;&#1577; &#1575;&#1604;&#1580;&#1575;&#1605;&#1593;&#1577;&#1548;</subfield><subfield code="c">1309 [1891]</subfield></datafield><datafield ind1=" " ind2=" " tag="959"><subfield code="a">NNU</subfield><subfield code="b">WEB</subfield><subfield code="c">GENI</subfield><subfield code="t">0</subfield><subfield code="m">Electronic access</subfield><subfield code="s">01</subfield></datafield><datafield ind1=" " ind2=" " tag="999"><subfield code="i">NNC_3169741</subfield><subfield code="o">(OCoLC)ocm28955937</subfield><subfield code="s">columbia_aco000413</subfield><subfield code="e">(ERROR-880)</subfield><subfield code="s">columbia_aco000413</subfield></datafield></record>